@article{DK89,
author = "D.E. Knuth",
title = "Typesetting Concrete Mathematics",
journal = "TUGboat",
volume = 10,
number = 1,
pages = "31--36",
month = apr,
year = 1989
}

